@misc{herbinger2023decomposing,
      title={Decomposing Global Feature Effects Based on Feature Interactions},
      author={Julia Herbinger and Bernd Bischl and Giuseppe Casalicchio},
      year={2023},
      eprint={2306.00541},
      archivePrefix={arXiv},
      primaryClass={stat.ML}
}

@inproceedings{gkolemis2023dale,
  title={DALE: Differential Accumulated Local Effects for efficient and accurate global explanations},
  author={Gkolemis, Vasilis and Dalamagas, Theodore and Diou, Christos},
  booktitle={Asian Conference on Machine Learning},
  pages={375--390},
  year={2023},
  organization={PMLR}
}

@article{apley2020visualizing,
  title={Visualizing the effects of predictor variables in black box supervised learning models},
  author={Apley, Daniel W and Zhu, Jingyu},
  journal={Journal of the Royal Statistical Society Series B: Statistical Methodology},
  volume={82},
  number={4},
  pages={1059--1086},
  year={2020},
  publisher={Oxford University Press}
}

@inproceedings{arik2021tabnet,
  title={Tabnet: Attentive interpretable tabular learning},
  author={Arik, Sercan {\"O} and Pfister, Tomas},
  booktitle={Proceedings of the AAAI Conference on Artificial Intelligence},
  volume={35},
  number={8},
  pages={6679--6687},
  year={2021}
}

@article{agarwal2021neural,
  title={Neural additive models: Interpretable machine learning with neural nets},
  author={Agarwal, Rishabh and Melnick, Levi and Frosst, Nicholas and Zhang, Xuezhou and Lengerich, Ben and Caruana, Rich and Hinton, Geoffrey E},
  journal={Advances in Neural Information Processing Systems},
  volume={34},
  pages={4699--4711},
  year={2021}
}

@inproceedings{lou2013accurate,
  title={Accurate intelligible models with pairwise interactions},
  author={Lou, Yin and Caruana, Rich and Gehrke, Johannes and Hooker, Giles},
  booktitle={Proceedings of the 19th ACM SIGKDD international conference on Knowledge discovery and data mining},
  pages={623--631},
  year={2013}
}

@article{hastie1987generalized,
  title={Generalized additive models: some applications},
  author={Hastie, Trevor and Tibshirani, Robert},
  journal={Journal of the American Statistical Association},
  volume={82},
  number={398},
  pages={371--386},
  year={1987},
  publisher={Taylor \& Francis}
}

@misc{misc_bike_sharing_dataset_275,
  author       = {Fanaee-T,Hadi},
  title        = {{Bike Sharing Dataset}},
  year         = {2013},
  howpublished = {UCI Machine Learning Repository},
  note         = {{DOI}: https://doi.org/10.24432/C5W894}
}


@article{pace1997sparse,
  title={Sparse spatial autoregressions},
  author={Pace, R Kelley and Barry, Ronald},
  journal={Statistics \& Probability Letters},
  volume={33},
  number={3},
  pages={291--297},
  year={1997},
  publisher={Elsevier}
}


@inproceedings{herbinger2022repid,
  title={REPID: Regional Effect Plots with implicit Interaction Detection},
  author={Herbinger, Julia and Bischl, Bernd and Casalicchio, Giuseppe},
  booktitle={International Conference on Artificial Intelligence and Statistics},
  pages={10209--10233},
  year={2022},
  organization={PMLR}
}

@book{breiman2017classification,
  title={Classification and regression trees},
  author={Breiman, Leo},
  year={2017},
  publisher={Routledge}
}

@article{chang2021node,
  title={Node-gam: Neural generalized additive model for interpretable deep learning},
  author={Chang, Chun-Hao and Caruana, Rich and Goldenberg, Anna},
  journal={arXiv preprint arXiv:2106.01613},
  year={2021}
}

@article{rudin2019stop,
  title={Stop explaining black box machine learning models for high stakes decisions and use interpretable models instead},
  author={Rudin, Cynthia},
  journal={Nature machine intelligence},
  volume={1},
  number={5},
  pages={206--215},
  year={2019},
  publisher={Nature Publishing Group UK London}
}

@article{ghassemi2021false,
  title={The false hope of current approaches to explainable artificial intelligence in health care},
  author={Ghassemi, Marzyeh and Oakden-Rayner, Luke and Beam, Andrew L},
  journal={The Lancet Digital Health},
  volume={3},
  number={11},
  pages={e745--e750},
  year={2021},
  publisher={Elsevier}
}